% Remember to run bibtex
@article{cerpa,
author = {Narciso Cerpa, June M. Verner},
year = {2009},
month = {December},
pages = {1-2},
title = {Why did your project fail?}
}
